@article{Gaiotto:2014kfa,
    author = "Gaiotto, Davide and Kapustin, Anton and Seiberg, Nathan and Willett, Brian",
    title = "{Generalized Global Symmetries}",
    url = https://inspirehep.net/literature/1334564,
    eprint = "1412.5148",
    archivePrefix = "arXiv",
    primaryClass = "hep-th",
    doi = "10.1007/JHEP02(2015)172",
    journal = "JHEP",
    volume = "02",
    pages = "172",
    year = "2015"
}

@article{Tachikawa:2017gyf,
    author = "Tachikawa, Yuji",
    title = "{On gauging finite subgroups}",
    eprint = "1712.09542",
    archivePrefix = "arXiv",
    primaryClass = "hep-th",
    reportNumber = "IPMU-17-0183",
    doi = "10.21468/SciPostPhys.8.1.015",
    journal = "SciPost Phys.",
    volume = "8",
    number = "1",
    pages = "015",
    year = "2020"
}

@book{marino_2015,
  title={Instantons and Large N: An Introduction to Non-Perturbative Methods in Quantum Field Theory},
  author={Mari{\~n}o Marcos.},
  isbn={9781107672321},
  year={2015},
  publisher={Cambridge University Press},
  url= {https://laces.web.cern.ch/laces10/notes/instlargen.pdf}
}

@inproceedings{Rattazzi,
title="{The Path Integral approach to Quantum Mechanics - Lecture Notes for Quantum Mechanics IV}",
author="Riccardo Rattazzi",
url = {https://userswww.pd.infn.it/~feruglio/rattazzi.pdf},
year="2009"
}


@inproceeding{percacci,
author = "Roberto Percacci",
title = "{QFT II Lecture Notes}",
url = {https://people.sissa.it/~percacci/lectures/topmet/lectures.pdf},
year = "2020"
}

@article{Roumpedakis:2022aik,
    author = "Roumpedakis, Konstantinos and Seifnashri, Sahand and Shao, Shu-Heng",
    title = "{Higher Gauging and Non-invertible Condensation Defects}",
    eprint = "2204.02407",
    archivePrefix = "arXiv",
    primaryClass = "hep-th",
    reportNumber = "YITP-SB-2022-14",
    month = "4",
    year = "2022"
}

@book{Hat,
      author        = "Hatcher, Allen",
      title         = "{Algebraic topology}",
      publisher     = "Cambridge Univ. Press",
      address       = "Cambridge",
      year          = "2000",
      url           = "https://cds.cern.ch/record/478079",
}

@misc{Moor,
  author        = {Gregory Moore},
  title         = "{Introduction To {C}hern-{S}imons {T}heories}",
  url = {https://www.physics.rutgers.edu/~gmoore/TASI-ChernSimons-StudentNotes.pdf},
  year          = {2019},
  publisher={Runtgers University}
}
